@book{kochbuch,
  title     = {Mathematik f체r das Ingenieurstudium},
  author    = {Koch, J체rgen},
  editor    = {St채mpfle, Martin},
  address   = {M체nchen},
  publisher = {Hanser},
  year      = {2018},
  edition   = {4., aktualisierte Auflage},
  isbn      = {9783446451667},
  doi       = {10.3139/9783446455818},
}

@article{...

